@string{I = {Ind. Eng. Chem. Res.}}%
@string{F = {Fuel}}%
@string{EF = {Energy \& Fuels}} %
@string{CF = {Comb. \& Flame}}%
@string{EST = {Environ. Sci. Technol.}} %
@string{JAP = {J. Appl.Polym. Sci.}} %
@string{CJC = { Can. J. Chem. Eng.}} %
@string{JAA ={J. Anal. Appl. Pyrolysis.}} %
@string{JPS = {J. Polym. Sci. A}}%
@string{CST = {Combust. Sci. Tech.}} %
@string{C = {Carbon}}%
@string{Aiche = {AIChE J.}}%
@string{CES = {Chem. Eng. Sci.}}%
@string{JFM ={ J. Fluid. Mech.}}%

@INPROCEEDINGS{AG01,
author = {Antal, M.J.J.},
title = {Biomass Pyrolysis: A Review of the Literature Part 1 - Carbohydrate Pyrolysis},
booktitle = {Advances in Solar Energy Vol. 1 American Solar Energy Society},
year = {1982},
pages = {61-111}
}
@ARTICLE{AG12,
 author={Thurner, F. and Mann, U.},
 title={Kinetic Investigation of Wood Pyrolysis},
 journal= I,
 volume={20},
 year={1981},
 pages={482-488}
 }
@TECHREPORT{AG52,
  author ={Rinc\'{o}n, S.L.},
  title ={Herstellung von Aktivkohle aus Biogenen Reststoffen zum Einsatz in der Rauchgasreinigung},
  institution ={Institut f\"{u}r Thermische Energietechnik, Universit\"{a}t Kassel},
  year ={1999},
  pages={38},
}
@PHDTHESIS{AG70,
 author={Wiest, W.},
 title={Zur Pyrolyse von Biomasse im Drehrohrreaktor},
 school={Universit\"{a}t Gesamthochschule Kassel},
 type={Tesis de Doctorado},
 year={1998},
 address={Kassel}
 }
@BOOK{AG08a,
 author={Gregg, S.J. and Sing, K.S.W.},
 title={Adsorption, Surface Area and Porosity},
 publisher={Academic Press},
 address={London},
 year={1982},
 }
@BOOK{AG09a,
 editor={Marsh, H. and Heintz E.A. and Rodriguez-Reinoso, F.},
 title={Introduction to Carbon Technologies},
 publisher={Universidad de Alicante},
 address={Alicante},
 year={1997},
 }
@MASTERSTHESIS{AG36a,
 author={G\'{o}mez, Adriana},
 title={Investigaci\'{o}n del Proceso de Gasificaci\'{o}n de Biomasa en un Gasificador en Paralelo},
 school={Universidad Nacional de Colombia},
 year={2002},
 }
@MISC{AG01i,
 author={International Energy Agency, IEA},
 title={Needs for Renewables 2001: Developing a New Generation of Sustainable Energy Technologies},
 year={2001},
 pages={48}
 }
@MISC{AG02i,
 author={International Energy Agency, IEA},
 title={Renewables in Global Energy Supply},
 year={2007},
 pages={34}
 }
@BOOK{AG03p,
 author={Franke, G.},
 title={Nutzpflanzen der Tropen und Subtropen},
 publisher={UTB},
 address={Stuttgart},
 year={1994},
 }
@BOOK{AG04p,
 author={Hartley, C.W.S.},
 title={The Oil Palm},
 publisher={Longman},
 address={London},
 year={1977},
 }
 
 %%%%%%%%%%%%%%%%%%%%%%%%%%%%%%%%%%%%%%%%%%%%%%%%%%%%%%%
 @misc{nielsen2002quantum,
  title={Quantum computation and quantum information},
  author={Nielsen, Michael A and Chuang, Isaac},
  year={2002},
  publisher={AAPT}
}

@article{kempe2003quantum,
  title={Quantum random walks: an introductory overview},
  author={Kempe, Julia},
  journal={Contemporary Physics},
  volume={44},
  number={4},
  pages={307--327},
  year={2003},
  publisher={Taylor \& Francis}
}

@inproceedings{childs2003exponential,
  title={Exponential algorithmic speedup by a quantum walk},
  author={Childs, Andrew M and Cleve, Richard and Deotto, Enrico and Farhi, Edward and Gutmann, Sam and Spielman, Daniel A},
  booktitle={Proceedings of the thirty-fifth annual ACM symposium on Theory of computing},
  pages={59--68},
  year={2003},
  organization={ACM}
}

@article{kendon2007decoherence,
  title={Decoherence in quantum walks--a review},
  author={Kendon, Viv},
  journal={Mathematical Structures in Computer Science},
  volume={17},
  number={6},
  pages={1169--1220},
  year={2007},
  publisher={Cambridge University Press}
}

@article{carneiro2005entanglement,
  title={Entanglement in coined quantum walks on regular graphs},
  author={Carneiro, Ivens and Loo, Meng and Xu, Xibai and Girerd, Mathieu and Kendon, Viv and Knight, Peter L},
  journal={New Journal of Physics},
  volume={7},
  number={1},
  pages={156},
  year={2005},
  publisher={IOP Publishing}
}

@article{shenvi2003quantum,
  title={Quantum random-walk search algorithm},
  author={Shenvi, Neil and Kempe, Julia and Whaley, K Birgitta},
  journal={Physical Review A},
  volume={67},
  number={5},
  pages={052307},
  year={2003},
  publisher={APS}
}


@book{padmanabhan2015sleeping,
  title={Sleeping Beauties in Theoretical Physics},
  author={Padmanabhan, Thanu},
  year={2015},
  publisher={Springer}
}

@book{portugal2013quantum,
  title={Quantum walks and search algorithms},
  author={Portugal, Renato},
  year={201},
  publisher={Springer}
}

@article{maloyer2007decoherence,
  title={Decoherence versus entanglement in coined quantum walks},
  author={Maloyer, Olivier and Kendon, Viv},
  journal={New Journal of Physics},
  volume={9},
  number={4},
  pages={87},
  year={2007},
  publisher={IOP Publishing}
}


@article{childs2002example,
  title={An example of the difference between quantum and classical random walks},
  author={Childs, Andrew M and Farhi, Edward and Gutmann, Sam},
  journal={Quantum Information Processing},
  volume={1},
  number={1-2},
  pages={35--43},
  year={2002},
  publisher={Springer}
}

@article{lovett2010universal,
  title={Universal quantum computation using the discrete-time quantum walk},
  author={Lovett, Neil B and Cooper, Sally and Everitt, Matthew and Trevers, Matthew and Kendon, Viv},
  journal={Physical Review A},
  volume={81},
  number={4},
  pages={042330},
  year={2010},
  publisher={APS}
}

@inproceedings{aharonov2001quantum,
  title={Quantum walks on graphs},
  author={Aharonov, Dorit and Ambainis, Andris and Kempe, Julia and Vazirani, Umesh},
  booktitle={Proceedings of the thirty-third annual ACM symposium on Theory of computing},
  pages={50--59},
  year={2001},
  organization={ACM}
}

@article{childs2010relationship,
  title={On the relationship between continuous-and discrete-time quantum walk},
  author={Childs, Andrew M},
  journal={Communications in Mathematical Physics},
  volume={294},
  number={2},
  pages={581--603},
  year={2010},
  publisher={Springer}
}


@inproceedings{santha2008quantum,
  title={Quantum walk based search algorithms},
  author={Santha, Miklos},
  booktitle={International Conference on Theory and Applications of Models of Computation},
  pages={31--46},
  year={2008},
  organization={Springer}
}

@article{grover1996fast,
  title={A fast quantum mechanical algorithm for database search},
  author={Grover, Lov K},
  journal={arXiv preprint quant-ph/9605043},
  year={1996}
}

@article{ambainis2003quantum,
  title={Quantum walks and their algorithmic applications},
  author={Ambainis, Andris},
  journal={International Journal of Quantum Information},
  volume={1},
  number={04},
  pages={507--518},
  year={2003},
  publisher={World Scientific}
}


@article{shor1999polynomial,
  title={Polynomial-time algorithms for prime factorization and discrete logarithms on a quantum computer},
  author={Shor, Peter W},
  journal={SIAM review},
  volume={41},
  number={2},
  pages={303--332},
  year={1999},
  publisher={SIAM}
}

@article{magniez2011search,
  title={Search via quantum walk},
  author={Magniez, Fr{\'e}d{\'e}ric and Nayak, Ashwin and Roland, J{\'e}r{\'e}mie and Santha, Miklos},
  journal={SIAM Journal on Computing},
  volume={40},
  number={1},
  pages={142--164},
  year={2011},
  publisher={SIAM}
}

@article{kendon2003decoherence,
  title={Decoherence can be useful in quantum walks},
  author={Kendon, Viv and Tregenna, Ben},
  journal={Physical Review A},
  volume={67},
  number={4},
  pages={042315},
  year={2003},
  publisher={APS}
}

@inproceedings{szegedy2004quantum,
  title={Quantum speed-up of Markov chain based algorithms},
  author={Szegedy, Mario},
  booktitle={45th Annual IEEE symposium on foundations of computer science},
  pages={32--41},
  year={2004},
  organization={IEEE}
}

@article{briegel2012projective,
  title={Projective simulation for artificial intelligence},
  author={Briegel, Hans J and De las Cuevas, Gemma},
  journal={Scientific reports},
  volume={2},
  pages={400},
  year={2012},
  publisher={Nature Publishing Group}
}

@article{marquezino2008mixing,
  title={Mixing times in quantum walks on the hypercube},
  author={Marquezino, FL and Portugal, R and Abal, G and Donangelo, R},
  journal={Physical Review A},
  volume={77},
  number={4},
  pages={042312},
  year={2008},
  publisher={APS}
}

@article{nayak2000quantum,
  title={Quantum walk on the line},
  author={Nayak, Ashwin and Vishwanath, Ashvin},
  journal={arXiv preprint quant-ph/0010117},
  year={2000}
}

@article{shao,
author = {Shao, Changpeng and Li, Yang and Li, Hongbo},
year = {2019},
month = {02},
pages = {375-452},
title = {Quantum Algorithm Design: Techniques and Applications},
volume = {32},
journal = {Journal of Systems Science and Complexity},
doi = {10.1007/s11424-019-9008-0}
}

@book{graphRingel,
  title={Pearls in Graph Theory},
  author={Hartsfield, Nora and Ringel, Gerhard},
  year={201},}
}

@article{ambainis2007quantum,
  title={Quantum walk algorithm for element distinctness},
  author={Ambainis, Andris},
  journal={SIAM Journal on Computing},
  volume={37},
  number={1},
  pages={210--239},
  year={2007},
  publisher={SIAM}
}

@article{paparo2014quantum,
  title={Quantum speedup for active learning agents},
  author={Paparo, Giuseppe Davide and Dunjko, Vedran and Makmal, Adi and Martin-Delgado, Miguel Angel and Briegel, Hans J},
  journal={Physical Review X},
  volume={4},
  number={3},
  pages={031002},
  year={2014},
  publisher={APS}
}
